@article{Elbaum:2002:TCP:506201.506205,
 author = {Elbaum, Sebastian and Malishevsky, Alexey G. and Rothermel, Gregg},
 title = {Test Case Prioritization: A Family of Empirical Studies},
 journal = {IEEE Trans. Softw. Eng.},
 issue_date = {February 2002},
 volume = {28},
 number = {2},
 month = feb,
 year = {2002},
 issn = {0098-5589},
 pages = {159--182},
 numpages = {24},
 url = {http://dx.doi.org/10.1109/32.988497},
 doi = {10.1109/32.988497},
 acmid = {506205},
 publisher = {IEEE Press},
 address = {Piscataway, NJ, USA},
 keywords = {Test case prioritization, regression testing, empirical studies.},
} 

@inproceedings{Walcott:2006:TTS:1146238.1146240,
 author = {Walcott, Kristen R. and Soffa, Mary Lou and Kapfhammer, Gregory M. and Roos, Robert S.},
 title = {TimeAware Test Suite Prioritization},
 booktitle = {Proceedings of the 2006 International Symposium on Software Testing and Analysis},
 series = {ISSTA '06},
 year = {2006},
 isbn = {1-59593-263-1},
 location = {Portland, Maine, USA},
 pages = {1--12},
 numpages = {12},
 url = {http://doi.acm.org/10.1145/1146238.1146240},
 doi = {10.1145/1146238.1146240},
 acmid = {1146240},
 publisher = {ACM},
 address = {New York, NY, USA},
 keywords = {coverage testing, genetic algorithms, test prioritization},
} 

@article{Harman:2012:SSE:2379776.2379787,
 author = {Harman, Mark and Mansouri, S. Afshin and Zhang, Yuanyuan},
 title = {Search-based Software Engineering: Trends, Techniques and Applications},
 journal = {ACM Comput. Surv.},
 issue_date = {November 2012},
 volume = {45},
 number = {1},
 month = dec,
 year = {2012},
 issn = {0360-0300},
 pages = {11:1--11:61},
 articleno = {11},
 numpages = {61},
 url = {http://doi.acm.org/10.1145/2379776.2379787},
 doi = {10.1145/2379776.2379787},
 acmid = {2379787},
 publisher = {ACM},
 address = {New York, NY, USA},
 keywords = {Software engineering, search-based techniques, survey},
} 